<record>
  <leader>     cam0 22        450 </leader>
  <controlfield tag="001">045479011</controlfield>
  <controlfield tag="002">91,120</controlfield>
  <controlfield tag="003">http://www.sudoc.fr/045479011</controlfield>
  <controlfield tag="004">19790709</controlfield>
  <controlfield tag="005">20200226035713.000</controlfield>
  <controlfield tag="006">0002</controlfield>
  <controlfield tag="007">1999</controlfield>
  <controlfield tag="008">Aax3</controlfield>
  <datafield tag="010" ind1=" " ind2=" ">
    <subfield code="a">0-435-83750-8</subfield>
    <subfield code="d">£8.75</subfield>
  </datafield>
  <datafield tag="020" ind1=" " ind2=" ">
    <subfield code="a">US</subfield>
    <subfield code="b">79307097 //r87</subfield>
  </datafield>
  <datafield tag="020" ind1=" " ind2=" ">
    <subfield code="a">GB</subfield>
    <subfield code="b">78-37539</subfield>
  </datafield>
  <datafield tag="035" ind1=" " ind2=" ">
    <subfield code="a">(OCoLC)4899620</subfield>
  </datafield>
  <datafield tag="035" ind1=" " ind2=" ">
    <subfield code="a">ocm04899620</subfield>
  </datafield>
  <datafield tag="035" ind1=" " ind2=" ">
    <subfield code="a">sib1733069</subfield>
  </datafield>
  <datafield tag="100" ind1=" " ind2=" ">
    <subfield code="a">19790709d1978    u  y0engy50      ba</subfield>
  </datafield>
  <datafield tag="101" ind1="0" ind2=" ">
    <subfield code="a">eng</subfield>
  </datafield>
  <datafield tag="102" ind1=" " ind2=" ">
    <subfield code="a">GB</subfield>
  </datafield>
  <datafield tag="105" ind1=" " ind2=" ">
    <subfield code="a">k   a   001|y</subfield>
  </datafield>
  <datafield tag="181" ind1=" " ind2=" ">
    <subfield code="6">z01</subfield>
    <subfield code="c">txt</subfield>
    <subfield code="2">rdacontent</subfield>
  </datafield>
  <datafield tag="181" ind1=" " ind2="1">
    <subfield code="6">z01</subfield>
    <subfield code="a">i#</subfield>
    <subfield code="b">xxxe##</subfield>
  </datafield>
  <datafield tag="182" ind1=" " ind2=" ">
    <subfield code="6">z01</subfield>
    <subfield code="c">n</subfield>
    <subfield code="2">rdamedia</subfield>
  </datafield>
  <datafield tag="182" ind1=" " ind2="1">
    <subfield code="6">z01</subfield>
    <subfield code="a">n</subfield>
  </datafield>
  <datafield tag="200" ind1="1" ind2=" ">
    <subfield code="a">Parliament and public spending</subfield>
    <subfield code="e">the Expenditure Committee of the House of Commons, 1970-76</subfield>
    <subfield code="f">[by] Ann Robinson</subfield>
  </datafield>
  <datafield tag="210" ind1=" " ind2=" ">
    <subfield code="a">London</subfield>
    <subfield code="c">Heinemann Educational</subfield>
    <subfield code="d">1978</subfield>
  </datafield>
  <datafield tag="215" ind1=" " ind2=" ">
    <subfield code="a">vii, 184 p.</subfield>
    <subfield code="c">form</subfield>
    <subfield code="d">23 cm</subfield>
  </datafield>
  <datafield tag="300" ind1=" " ind2=" ">
    <subfield code="a">Includes index</subfield>
  </datafield>
  <datafield tag="320" ind1=" " ind2=" ">
    <subfield code="a">Bibliography: p. 174-177.</subfield>
  </datafield>
  <datafield tag="601" ind1="0" ind2="1">
    <subfield code="a">Great Britain</subfield>
    <subfield code="b">Parliament</subfield>
    <subfield code="b">House of Commons</subfield>
    <subfield code="b">Expenditure Committee</subfield>
    <subfield code="2">lc</subfield>
  </datafield>
  <datafield tag="606" ind1=" " ind2=" ">
    <subfield code="a">Government spending policy</subfield>
    <subfield code="y">Great Britain</subfield>
    <subfield code="2">lc</subfield>
  </datafield>
  <datafield tag="607" ind1=" " ind2=" ">
    <subfield code="a">Great Britain</subfield>
    <subfield code="x">Appropriations and expenditures</subfield>
    <subfield code="2">lc</subfield>
  </datafield>
  <datafield tag="660" ind1=" " ind2=" ">
    <subfield code="a">e-uk---</subfield>
  </datafield>
  <datafield tag="676" ind1=" " ind2=" ">
    <subfield code="a">328.41/07/65</subfield>
  </datafield>
  <datafield tag="680" ind1=" " ind2=" ">
    <subfield code="a">JN679.8.E84</subfield>
    <subfield code="b">R6</subfield>
  </datafield>
  <datafield tag="700" ind1=" " ind2="1">
    <subfield code="a">Robinson</subfield>
    <subfield code="b">Ann</subfield>
    <subfield code="f">1937-</subfield>
    <subfield code="4">070</subfield>
  </datafield>
  <datafield tag="801" ind1=" " ind2="3">
    <subfield code="a">FR</subfield>
    <subfield code="b">Abes</subfield>
    <subfield code="c">20200226</subfield>
    <subfield code="g">AFNOR</subfield>
  </datafield>
  <datafield tag="801" ind1=" " ind2="1">
    <subfield code="a">US</subfield>
    <subfield code="b">OCLC</subfield>
  </datafield>
  <datafield tag="801" ind1=" " ind2="2">
    <subfield code="a">FR</subfield>
    <subfield code="b">AUROC</subfield>
  </datafield>
  <datafield tag="801" ind1=" " ind2="3">
    <subfield code="a">FR</subfield>
    <subfield code="b">SF</subfield>
    <subfield code="c">20010501</subfield>
  </datafield>
  <datafield tag="930" ind1=" " ind2=" ">
    <subfield code="5">920462101:629456933</subfield>
    <subfield code="b">920462101</subfield>
    <subfield code="j">g</subfield>
  </datafield>
  <datafield tag="940" ind1=" " ind2=" ">
    <subfield code="5">920462101:629456933</subfield>
    <subfield code="a">20190220</subfield>
    <subfield code="b">x</subfield>
  </datafield>
  <datafield tag="941" ind1=" " ind2=" ">
    <subfield code="5">920462101:629456933</subfield>
    <subfield code="a">20200106</subfield>
    <subfield code="b">09:59:57.000</subfield>
  </datafield>
  <datafield tag="991" ind1=" " ind2=" ">
    <subfield code="5">920462101:629456933</subfield>
    <subfield code="a">exemplaire créé automatiquement par l&apos;ABES</subfield>
  </datafield>
  <datafield tag="930" ind1=" " ind2=" ">
    <subfield code="5">751072303:200974130</subfield>
    <subfield code="b">751072303</subfield>
    <subfield code="a">8*080.912</subfield>
    <subfield code="j">u</subfield>
  </datafield>
  <datafield tag="940" ind1=" " ind2=" ">
    <subfield code="5">751072303:200974130</subfield>
    <subfield code="a">20040423</subfield>
    <subfield code="b">x</subfield>
  </datafield>
  <datafield tag="941" ind1=" " ind2=" ">
    <subfield code="5">751072303:200974130</subfield>
    <subfield code="a">20040423</subfield>
    <subfield code="b">14:26:09.000</subfield>
  </datafield>
  <datafield tag="991" ind1=" " ind2=" ">
    <subfield code="5">751072303:200974130</subfield>
    <subfield code="a">SAFIG</subfield>
    <subfield code="b">TM028i</subfield>
    <subfield code="c">Exemplaire créé automatiquement par l&apos;ABES</subfield>
  </datafield>
</record>
  
  